@article{roadrunner,
author = {Crescenzi, Valter and Mecca, Giansalvatore and Merialdo, Paolo},
year = {2001},
month = {01},
pages = {},
title = {The RoadRunner Project: Towards Automatic Extraction of Web Data}
}

@inproceedings{crescenzi2001automatic,
	title={Automatic Web Information Extraction in the Road R unner System},
	author={Crescenzi, Valter and Mecca, Giansalvatore and Merialdo, Paolo},
	booktitle={International Conference on Conceptual Modeling},
	pages={264--277},
	year={2001},
	organization={Springer}
}